<record><leader>00000cas a22000007a 4500</leader><controlfield tag="001">19684374</controlfield><controlfield tag="008">890509d18841903aruwr ne      0    0eng d</controlfield><datafield ind1=" " ind2=" " tag="010"><subfield code="a">sn 89051208 </subfield></datafield><datafield ind1=" " ind2=" " tag="040"><subfield code="a">ANU</subfield><subfield code="b">eng</subfield><subfield code="c">ANU</subfield><subfield code="d">OCLCQ</subfield><subfield code="d">OCLCF</subfield><subfield code="d">OCLCO</subfield></datafield><datafield ind1=" " ind2=" " tag="042"><subfield code="a">msc</subfield></datafield><datafield ind1=" " ind2=" " tag="043"><subfield code="a">n-us-ar</subfield></datafield><datafield ind1="0" ind2=" " tag="130"><subfield code="a">Randolph herald (Pocahontas, Ark.)</subfield></datafield><datafield ind1="1" ind2="0" tag="245"><subfield code="a">Randolph herald.</subfield></datafield><datafield ind1="1" ind2="3" tag="246"><subfield code="a">Randolph herald-index</subfield></datafield><datafield ind1=" " ind2=" " tag="260"><subfield code="a">Pocahontas, Ark. :</subfield><subfield code="b">J.N. Bolen</subfield></datafield><datafield ind1=" " ind2=" " tag="300"><subfield code="a">v.</subfield></datafield><datafield ind1=" " ind2=" " tag="310"><subfield code="a">Weekly</subfield></datafield><datafield ind1="0" ind2=" " tag="362"><subfield code="a">Vol. 4, no. 1 (July 10, 1884)-v. 22, no. 35 (July 2, 1903).</subfield></datafield><datafield ind1=" " ind2=" " tag="580"><subfield code="a">Merged with: Pocahontas news (non-extant), to form: News-herald (Pocahontas, Ark.).</subfield></datafield><datafield ind1=" " ind2="0" tag="651"><subfield code="a">Pocahontas (Ark.)</subfield><subfield code="v">Newspapers.</subfield></datafield><datafield ind1=" " ind2="7" tag="655"><subfield code="a">Newspapers.</subfield><subfield code="2">fast</subfield><subfield code="0">(OCoLC)fst01423814</subfield></datafield><datafield ind1=" " ind2="7" tag="651"><subfield code="a">Arkansas</subfield><subfield code="z">Pocahontas.</subfield><subfield code="2">fast</subfield><subfield code="0">(OCoLC)fst01258993</subfield></datafield><datafield ind1=" " ind2=" " tag="752"><subfield code="a">United States</subfield><subfield code="b">Arkansas</subfield><subfield code="c">Randolph</subfield><subfield code="d">Pocahontas.</subfield></datafield><datafield ind1="0" ind2="0" tag="780"><subfield code="t">Randolph herald-index</subfield><subfield code="w">(DLC)sn 89051207</subfield></datafield><datafield ind1="1" ind2="7" tag="785"><subfield code="t">Pocahontas news</subfield></datafield><datafield ind1="1" ind2="7" tag="785"><subfield code="t">News-herald (Pocahontas, Ark.)</subfield><subfield code="w">(DLC)sn 89051209</subfield></datafield></record>